<record><leader>00000cas a22000007a 4500</leader><controlfield tag="001">28513083</controlfield><controlfield tag="008">930726d19731979scuwr ne      0    0eng d</controlfield><datafield ind1=" " ind2=" " tag="010"><subfield code="a">sn 93067886 </subfield></datafield><datafield ind1=" " ind2=" " tag="040"><subfield code="a">SVN</subfield><subfield code="b">eng</subfield><subfield code="c">SVN</subfield><subfield code="d">OCLCQ</subfield></datafield><datafield ind1=" " ind2=" " tag="042"><subfield code="a">msc</subfield></datafield><datafield ind1="0" ind2="4" tag="245"><subfield code="a">The Greenville County monitor.</subfield></datafield><datafield ind1=" " ind2=" " tag="260"><subfield code="a">Marietta, S.C. :</subfield><subfield code="b">Larry R. Atkins</subfield></datafield><datafield ind1=" " ind2=" " tag="300"><subfield code="a">v.</subfield></datafield><datafield ind1=" " ind2=" " tag="310"><subfield code="a">Weekly</subfield></datafield><datafield ind1="1" ind2=" " tag="362"><subfield code="a">Began in 1973; ceased in 1979.</subfield></datafield><datafield ind1=" " ind2=" " tag="588"><subfield code="a">Description based on: Vol. 7, no. 3 (Feb. 3-17, 1977).</subfield></datafield><datafield ind1=" " ind2="4" tag="651"><subfield code="a">Greenville County (S.C.)</subfield><subfield code="v">Newspapers.</subfield></datafield><datafield ind1=" " ind2=" " tag="752"><subfield code="a">United States</subfield><subfield code="b">South Carolina</subfield><subfield code="c">Greenville</subfield><subfield code="d">Greenville.</subfield></datafield><datafield ind1="0" ind2="0" tag="780"><subfield code="t">Community news (Marietta, S.C.)</subfield></datafield><datafield ind1="0" ind2="0" tag="785"><subfield code="t">Mountain monitor (Marietta, S.C.)</subfield><subfield code="w">(DLC)sn 93067904</subfield></datafield><datafield ind1="1" ind2=" " tag="029"><subfield code="a">AU@</subfield><subfield code="b">000025894850</subfield></datafield></record>